@Book{Korn,
 author    = "",
 title     = "Справочник по математике для научных работников и инженеров",
 publisher = "«Наука»",
 year      = 1974,
 address   = "Москва",
 language  = "russian"
}
@misc{WinNT,
	title = {{MS Windows NT} Kernel Description},
	howpublished = {URL: http://web.archive.org/web/20080207010024/http://www.808multimedia.com/winnt/kernel.htm},
	note = {(Дата обращения 2010.09.30)}
}
@Electronic{СИР2021,
	language     = {russian},
	month        = may,
	note         = {(дата обращения 20.03.2021)},
	organization = {Российская государственная библиотека : официальный сайт},
	url          = {https://bio.spbu.ru/science/scienceinfo/el_resourse.php},
	year         = {москва, 2021},
}
@online{Win,
	author = {MultiMedia LLC},
	title = {{MS Windows NT} Kernel Description},
	year = 1999,
	url = {URL: http://web.archive.org/web/20080207010024/http://www.808multimedia.com/winnt/kernel.htm},
	urldate = {(дата обращения 2010.09.30)},
	language  = "russian",
}